@online{setosa,
  author = {Setosa},
  title  = {Image Kernels Explained Visually},
  year   = 2015,
  url    = {https://setosa.io/ev/image-kernels/},
  note   = {Accessed: 2024-05-16}
}

@book{theodoridis2006pattern,
  title     = {Pattern recognition},
  author    = {Theodoridis, Sergios and Koutroumbas, Konstantinos},
  year      = {2006},
  publisher = {Elsevier}
}

@book{gallardo2014java,
  author    = {Gallardo, Raymond and Hommel, Scott and Kannan, Sowmya and Zakhour, Sharon},
  edition   = {6},
  month     = dec,
  publisher = {Addison-Wesley Professional},
  title     = {The Java Tutorial: A Short Course on the Basics (The Java Series)},
  year      = {2014}
}

@online{plotke2013animation,
  author = {Michael Plotke},
  title  = {2D Convolution Animation},
  url    = {https://upload.wikimedia.org/wikipedia/commons/1/19/2D_Convolution_Animation.gif},
  year   = {2013},
  month  = jan
}

@article{mattheakis2013significantly,
  title     = {Significantly reducing MPI intercommunication latency and power overhead in both embedded and HPC systems},
  author    = {Mattheakis, Pavlos M and Papaefstathiou, Ioannis},
  journal   = {ACM Transactions on Architecture and Code Optimization (TACO)},
  volume    = {9},
  number    = {4},
  pages     = {1--25},
  year      = {2013},
  publisher = {ACM New York, NY, USA}
}